%% This BibTeX bibliography file was created using BibDesk.
%% http://bibdesk.sourceforge.net/

%% Created for Garry Greenwood at 2022-12-16 11:16:19 -0800 


%% Saved with string encoding Unicode (UTF-8) 



@inproceedings{gree2,
	author = {G. Greenwood and D. Ashlock},
	booktitle = {2022 IEEE Cong. on Evol.~Comput. \mbox{(CEC)}},
	date-added = {2022-12-16 11:13:00 -0800},
	date-modified = {2022-12-16 11:15:45 -0800},
	pages = {1--8},
	title = {Evolving neural networks for a generalized divide the dollar game},
	year = {2022}}

@misc{shap,
	date-added = {2022-12-15 13:15:22 -0800},
	date-modified = {2022-12-15 13:15:35 -0800},
	title = {https://github.com/slundberg/shap}}

@article{tree,
	author = {S. Lundberg et al.},
	date-added = {2022-12-15 10:29:31 -0800},
	date-modified = {2022-12-15 13:21:42 -0800},
	journal = {Nature Mach.~Intell.},
	number = {1},
	pages = {56--67},
	title = {From local explanations to global understanding with explainable \mbox{AI} for trees},
	volume = {2},
	year = {2020},
	bdsk-url-1 = {https://doi.org/10.1038/s42256-019-0138-9}}

@inbook{shapley,
	author = {L. Shapley},
	booktitle = {Classics in Game Theory},
	pages = {69--79},
	publisher = {Princeton University Press},
	title = {7. A Value for n-Person Games. Contributions to the Theory of Games II (1953)},
	year = {1997}}

@inproceedings{lund,
	author = {S. Lundberg and S. Lee},
	booktitle = {NIPS'17: Proc.~31st Int'l.~Conf.~Neural Infor.~Proc.~Sys.},
	pages = {4768--4777},
	year = {2017}}

@misc{xgb,
	date-added = {2022-12-10 19:42:30 -0800},
	date-modified = {2022-12-15 13:15:12 -0800},
	title = {https://xgboost.readthedocs.io/en/stable/}}

@inproceedings{dan1,
	author = {D. Ashlock and G. Greenwood},
	booktitle = {IEEE 2017 Cong.~Evol.~Compt.},
	date-added = {2020-09-25 12:47:41 -0700},
	date-modified = {2020-09-25 12:56:48 -0700},
	pages = {1335--1342},
	title = {Modeling undependable subsidies with three-player generalized divide the dollar},
	year = {2017}}

@article{nash,
	author = {J. Nash},
	date-added = {2020-09-18 15:10:03 -0700},
	date-modified = {2020-09-18 15:11:04 -0700},
	journal = {Econometrica},
	number = {2},
	pages = {155--162},
	title = {The bargaining problem},
	volume = {18},
	year = {1950}}

@inproceedings{dan,
	author = {D. Ashlock and G. Greenwood},
	booktitle = {IEEE 2016 Cong.~Evol.~Compt.},
	date-added = {2020-09-18 11:08:44 -0700},
	date-modified = {2020-09-18 11:10:30 -0700},
	pages = {343--350},
	publisher = {IEEE Press},
	title = {Generalized divide the dollar},
	year = {2016}}

@article{freq,
	author = {C. Taylor and D. Fudenberg and A. Sasaki and M. Nowak},
	date-added = {2020-09-17 14:08:04 -0700},
	date-modified = {2020-09-17 14:12:29 -0700},
	journal = {Bull.~Math.~Bio.},
	pages = {1621--1644},
	title = {Evolutionary game dynamics in finite populations},
	volume = {66},
	year = {2004}}

@book{gree,
	author = {Garrison W. Greenwood},
	date-added = {2020-09-17 14:06:01 -0700},
	date-modified = {2020-09-17 14:07:53 -0700},
	publisher = {Morgan \& Claypool Publish.},
	title = {On the Study of Human Cooperation via Computer Simulation: Why Existing Computer Models Fail to Tell Us Much of Anything},
	year = {2019}}

@unpublished{cma,
	author = {N. Hansen},
	date-added = {2020-09-11 09:45:29 -0700},
	date-modified = {2020-09-11 12:23:13 -0700},
	note = {ArXiv e-prints, arXiv:1604.00772v1},
	title = {The {CMA} evolution strategy: a tutorial},
	year = {2016}}

@article{DE,
	author = {D. Swagatam and P. Suganthan},
	date-added = {2020-09-09 13:50:30 -0700},
	date-modified = {2020-09-09 13:53:02 -0700},
	journal = {IEEE Trans.~Evol.~Comput.},
	number = {1},
	pages = {4--31},
	title = {Differential evolution: a survey of the state-of-the-art},
	volume = {15},
	year = {2011}}

@article{cma-jrnl,
	author = {N. Hansen and A. Ostermeier},
	date-added = {2020-09-09 13:35:21 -0700},
	date-modified = {2020-09-11 09:46:24 -0700},
	journal = {Evol.~Comput.},
	number = {2},
	pages = {159--195},
	title = {Completely derandomized self-adaptation in evolution strategies},
	volume = {9},
	year = {2001}}

